<record xmlns="http://www.loc.gov/MARC21/slim">
   <leader>02587cam a2200445 i 4500</leader>
   <controlfield tag="001">6775654</controlfield>
   <controlfield tag="003">OCoLC</controlfield>
   <controlfield tag="005">20141231102301.0</controlfield>
   <controlfield tag="008">140723s2015    nyua     b    001 0 eng  </controlfield>
   <datafield ind1=" " ind2=" " tag="010">
      <subfield code="a">  2014028765</subfield>
   </datafield>
   <datafield ind1=" " ind2=" " tag="020">
      <subfield code="a">9780807755891 (pbk. : acid-free paper)</subfield>
   </datafield>
   <datafield ind1=" " ind2=" " tag="020">
      <subfield code="a">0807755893 (pbk. : acid-free paper)</subfield>
   </datafield>
   <datafield ind1=" " ind2=" " tag="020">
      <subfield code="z">9780807773475 (e-book)</subfield>
   </datafield>
   <datafield ind1=" " ind2=" " tag="020">
      <subfield code="z">0807773476 (e-book)</subfield>
   </datafield>
   <datafield ind1=" " ind2=" " tag="035">
      <subfield code="a">ocn884571061</subfield>
   </datafield>
   <datafield ind1=" " ind2=" " tag="040">
      <subfield code="a">DLC</subfield>
      <subfield code="b">eng</subfield>
      <subfield code="e">rda</subfield>
      <subfield code="c">DLC</subfield>
      <subfield code="d">OCLCO</subfield>
      <subfield code="d">IAD</subfield>
      <subfield code="d">WKM</subfield>
      <subfield code="d">UAB</subfield>
   </datafield>
   <datafield ind1=" " ind2=" " tag="042">
      <subfield code="a">pcc</subfield>
   </datafield>
   <datafield ind1="0" ind2="0" tag="050">
      <subfield code="a">QA135.6</subfield>
      <subfield code="b">.P378 2015</subfield>
   </datafield>
   <datafield ind1="0" ind2="0" tag="082">
      <subfield code="a">372.7</subfield>
      <subfield code="2">23</subfield>
   </datafield>
   <datafield ind1=" " ind2=" " tag="090">
      <subfield code="a">QA 135.6 P378 2015</subfield>
      <subfield code="b">AGPC</subfield>
   </datafield>
   <datafield ind1=" " ind2=" " tag="090">
      <subfield code="a">QA 135.6 P378 2015</subfield>
      <subfield code="b">AFMK</subfield>
   </datafield>
   <datafield ind1=" " ind2=" " tag="090">
      <subfield code="a">QA 135.6 P378 2015</subfield>
      <subfield code="b">AEU</subfield>
   </datafield>
   <datafield ind1="1" ind2=" " tag="100">
      <subfield code="a">Parks, Amy Noelle,</subfield>
      <subfield code="e">author.</subfield>
   </datafield>
   <datafield ind1="1" ind2="0" tag="245">
      <subfield code="a">Exploring mathematics through play in the early childhood classroom /</subfield>
      <subfield code="c">Amy Noelle Parks ; foreword by Elizabeth Graue.</subfield>
   </datafield>
   <datafield ind1=" " ind2="1" tag="264">
      <subfield code="a">New York :</subfield>
      <subfield code="b">Teachers College Press, Teachers College, Columbia University,</subfield>
      <subfield code="c">[2015]</subfield>
   </datafield>
   <datafield ind1=" " ind2=" " tag="300">
      <subfield code="a">xii, 148 pages :</subfield>
      <subfield code="b">illustrations ;</subfield>
      <subfield code="c">23 cm.</subfield>
   </datafield>
   <datafield ind1=" " ind2=" " tag="336">
      <subfield code="a">text</subfield>
      <subfield code="b">txt</subfield>
      <subfield code="2">rdacontent</subfield>
   </datafield>
   <datafield ind1=" " ind2=" " tag="337">
      <subfield code="a">unmediated</subfield>
      <subfield code="b">n</subfield>
      <subfield code="2">rdamedia</subfield>
   </datafield>
   <datafield ind1=" " ind2=" " tag="338">
      <subfield code="a">volume</subfield>
      <subfield code="b">nc</subfield>
      <subfield code="2">rdacarrier</subfield>
   </datafield>
   <datafield ind1="1" ind2=" " tag="490">
      <subfield code="a">Early childhood education series</subfield>
   </datafield>
   <datafield ind1=" " ind2=" " tag="504">
      <subfield code="a">Includes bibliographical references and index.</subfield>
   </datafield>
   <datafield ind1="0" ind2=" " tag="505">
      <subfield code="a">Part 1: Creating time and space for play. Introduction -- Finding out about children's mathematical play in multiple contexts -- Organizing time and space at school for mathematical play -- Part II: Highlighting the mathematics in play. Blocks, puzzles, and dolls: the geometry standards -- Games and action figures: the number and operations standards -- Which is longer? What holds more? The measurement standards -- The mathematical practices -- Part III: Making formal lessons playful. Designing formal lessons that build on play -- Including play in assessments -- Conclusion.</subfield>
   </datafield>
   <datafield ind1=" " ind2=" " tag="596">
      <subfield code="a">8 16 28 41</subfield>
   </datafield>
   <datafield ind1=" " ind2="0" tag="650">
      <subfield code="a">Mathematics</subfield>
      <subfield code="x">Study and teaching (Early childhood)</subfield>
      <subfield code="x">Activity programs.</subfield>
   </datafield>
   <datafield ind1=" " ind2="0" tag="830">
      <subfield code="a">Early childhood education series (Teachers College Press)</subfield>
   </datafield>
   <datafield ind1=" " ind2=" " tag="949">
      <subfield code="a">QA 135.6 P378 2015</subfield>
      <subfield code="c">1</subfield>
      <subfield code="h">UAED-B</subfield>
      <subfield code="i">0162035218260</subfield>
   </datafield>
   <datafield ind1=" " ind2=" " tag="926">
      <subfield code="a">QA 135.6 P378 2015</subfield>
      <subfield code="w">LC</subfield>
      <subfield code="c">1</subfield>
      <subfield code="i">0162035218260</subfield>
      <subfield code="d">1/24/2017</subfield>
      <subfield code="e">1/24/2017</subfield>
      <subfield code="k">CHECKEDOUT</subfield>
      <subfield code="l">FLOOR_2</subfield>
      <subfield code="m">UAEDUC</subfield>
      <subfield code="n">7</subfield>
      <subfield code="p">$150.00</subfield>
      <subfield code="r">M</subfield>
      <subfield code="s">Y</subfield>
      <subfield code="t">BOOK</subfield>
      <subfield code="u">1/14/2015</subfield>
   </datafield>
   <datafield ind1=" " ind2=" " tag="926">
      <subfield code="a">QA 135.6 P378 2015</subfield>
      <subfield code="w">LC</subfield>
      <subfield code="c">1</subfield>
      <subfield code="i">34917001372577</subfield>
      <subfield code="d">4/21/2015</subfield>
      <subfield code="e">3/12/2015</subfield>
      <subfield code="l">ON_SHELF</subfield>
      <subfield code="m">KEYANO</subfield>
      <subfield code="n">1</subfield>
      <subfield code="p">$107.54</subfield>
      <subfield code="r">Y</subfield>
      <subfield code="s">Y</subfield>
      <subfield code="t">BOOK</subfield>
      <subfield code="u">1/26/2015</subfield>
      <subfield code="o">.STAFF. Rec'd Feb/15 Ctts</subfield>
   </datafield>
   <datafield ind1=" " ind2=" " tag="926">
      <subfield code="a">QA 135.6 P378 2015</subfield>
      <subfield code="w">LC</subfield>
      <subfield code="c">1</subfield>
      <subfield code="i">0162035228913</subfield>
      <subfield code="d">9/24/2015</subfield>
      <subfield code="l">ON_SHELF</subfield>
      <subfield code="m">UAAUG</subfield>
      <subfield code="p">$150.00</subfield>
      <subfield code="r">Y</subfield>
      <subfield code="s">Y</subfield>
      <subfield code="t">BOOK</subfield>
      <subfield code="u">2/4/2015</subfield>
   </datafield>
   <datafield ind1=" " ind2=" " tag="926">
      <subfield code="a">QA 135.6 P378 2015</subfield>
      <subfield code="w">LC</subfield>
      <subfield code="c">1</subfield>
      <subfield code="i">31847001299236</subfield>
      <subfield code="l">ON_SHELF</subfield>
      <subfield code="m">GPRC_GP</subfield>
      <subfield code="p">$150.00</subfield>
      <subfield code="r">Y</subfield>
      <subfield code="s">Y</subfield>
      <subfield code="t">BOOK</subfield>
      <subfield code="u">10/31/2016</subfield>
   </datafield>
</record>
